%% This BibTeX bibliography file was created using BibDesk.
%% http://bibdesk.sourceforge.net/

%% Created for Lijing at 2015-04-10 14:56:19 -0700 


%% Saved with string encoding Unicode (UTF-8) 



@techreport{api-tr,
	Author = {Ilya Moiseenko, Lixia Zhang},
	Date-Added = {2015-04-10 02:35:32 +0000},
	Date-Modified = {2015-04-10 02:37:12 +0000},
	Institution = {Technical Report NDN-0017, NDN},
	Month = {August},
	Number = {NDN-0017},
	Title = {Consumer-Producer API Consumer-Producer API for Named Data Networking},
	Year = {2014}}

@techreport{nfd-guide,
	Author = {Afanasyev, Alexander and Shi, Junxiao and Zhang, Beichuan and Zhang, Lixia and Moiseenko, Ilya and Yu, Yingdi and Shang, Wentao and Huang, Yi and Abraham, J Paul and DiBenedetto, Steve and others},
	Institution = {Technical Report NDN-0021, NDN},
	Title = {{NFD developer's guide}},
	Year = {2014}}

@article{repo-ng,
	Author = {Chen, Shuo and Shi, Weiqi and Cao, Junwei and Afanasyev, Alexander and Zhang, Lixia},
	Title = {{NDN Repo: An NDN Persistent Storage Model}},
	Url = {http://learn.tsinghua.edu.cn:8080/2011011088/WeiqiShi/content/NDNRepo.pdf},
	Year = {2014},
	Bdsk-Url-1 = {http://learn.tsinghua.edu.cn:8080/2011011088/WeiqiShi/content/NDNRepo.pdf}}

@article{NDN-CCR14,
	Author = {L. Zhang and A. Afanasyev and J. Burke and V. Jacobson and K. Claffy and P. Crowley and C. Papadopoulos and L. Wang and B. Zhang},
	Date-Added = {2014-11-23 23:24:01 +0000},
	Date-Modified = {2014-11-23 23:24:01 +0000},
	Journal = {ACM SIGCOMM Computer Communication Review},
	Month = {July},
	Title = {{Named Data Networking}},
	Year = {2014}}

@techreport{ndnvideo,
	Author = {{D. Kulinski and J. Burke}},
	Date-Added = {2014-01-29 18:38:09 +0000},
	Date-Modified = {2014-01-29 18:38:51 +0000},
	Institution = {UCLA},
	Title = {{NDN Video: Live and Prerecorded Streaming over NDN}},
	Year = {2012}}

@techreport{ndn-tr,
	Author = {{L. Zhang et al.}},
	Date-Modified = {2012-12-04 04:39:27 +0000},
	Month = {October},
	Number = {NDN-0001},
	Optmonth = {October},
	Optnumber = {NDN-0001},
	Title = {{Named Data Networking {(NDN)} Project}},
	Year = {2010}}

@inproceedings{ndn-conext,
	Author = {Van Jacobson and Diana K. Smetters and James D. Thornton and Michael F. Plass and Nicholas H. Briggs and Rebecca L. Braynard},
	Booktitle = {Proc. of CoNEXT},
	Date-Modified = {2013-01-13 04:44:57 +0000},
	Title = {{Networking Named Content}},
	Year = {2009}}

@article{Clark1990,
	Acmid = {99553},
	Address = {New York, NY, USA},
	Author = {Clark, D. D. and Tennenhouse, D. L.},
	Doi = {10.1145/99517.99553},
	Issn = {0146-4833},
	Issue_Date = {Sep. 1990},
	Journal = {SIGCOMM Comput. Commun. Rev.},
	Month = aug,
	Number = {4},
	Numpages = {9},
	Pages = {200--208},
	Publisher = {ACM},
	Title = {{Architectural Considerations for a New Generation of Protocols}},
	Volume = {20},
	Year = {1990},
	Bdsk-Url-1 = {http://dx.doi.org/10.1145/99517.99553}}

@inproceedings{stockhammer2011dynamic,
	Author = {Stockhammer, Thomas},
	Booktitle = {Proceedings of the second annual ACM conference on Multimedia systems},
	Organization = {ACM},
	Pages = {133--144},
	Title = {{Dynamic adaptive streaming over HTTP: standards and design principles}},
	Year = {2011}}

@webpage{Gstbuffer,
	Date-Added = {2015-04-10 21:23:28 +0000},
	Date-Modified = {2015-04-10 21:23:43 +0000},
	Url = {http://gstreamer.freedesktop.org/data/doc/gstreamer/head/gstreamer/html/GstBuffer.html},
	Bdsk-Url-1 = {http://gstreamer.freedesktop.org/data/doc/gstreamer/head/gstreamer/html/GstBuffer.html}}

@webpage{ndn-cxx,
	Date-Added = {2015-04-10 20:26:49 +0000},
	Date-Modified = {2015-04-10 20:27:12 +0000},
	Url = {http://named-data.net/doc/ndn-cxx/current/},
	Bdsk-Url-1 = {http://named-data.net/doc/ndn-cxx/current/}}

@webpage{Repo-Protocol,
	Date-Added = {2015-04-10 04:07:41 +0000},
	Date-Modified = {2015-04-10 04:08:16 +0000},
	Url = {http://redmine.named-data.net/projects/repo-ng/wiki/Repo_Protocol_Specification},
	Bdsk-Url-1 = {http://redmine.named-data.net/projects/repo-ng/wiki/Repo_Protocol_Specification}}

@webpage{gstreamer,
	Date-Added = {2015-04-10 02:35:42 +0000},
	Date-Modified = {2015-04-10 02:36:55 +0000},
	Url = {http://gstreamer.freedesktop.org/},
	Bdsk-Url-1 = {http://gstreamer.freedesktop.org/}}
